@manual{django,
	title        = {Django Documentation},
	author       = {{DJANGO}},
	organization = {Django Software Foundation},
	year         = {2024},
	note         = {Acessado em 7 de junho de 2025},
	url          = {https://docs.djangoproject.com/pt-br/4.2/}
}

@misc{aws-doc,
	author = {AWS},
	title = {AWS - Amazon Web Services},
	year = {2025},
	note = {Disponível em: \url{https://aws.amazon.com/documentation/}. Acesso em: 7 jun. 2025}
}

@misc{lgpd,
	author = {BRASIL},
	title = {Lei Geral de Proteção de Dados Pessoais (LGPD) – Lei nº 13.709},
	year = {2018},
	note = {Diário Oficial da União, Brasília, DF, 15 ago. 2018}
}

@book{postgresql,
	author = {POSTGRESQL},
	title = {The PostgreSQL Documentation},
	publisher = {PostgreSQL},
	year = {2025},
	note = {Disponível em: \url{https://www.postgresql.org/docs/}. Acesso em: 7 jun. 2025}
}

@book{uml,
	author = {Booch, Grady and Rumbaugh, James and Jacobson, Ivar},
	title = {UML: Guia do Usuário},
	publisher = {Bookman},
	year = {2006}
}


@book{fowler,
	author = {FOWLER},
	title = {Patterns of Enterprise Application Architecture},
	publisher = {Addison-Wesley},
	year = {2002}
}

@misc{python,
	author = {PYTHON},
	title = {Python Official Documentation},
	year = {2025},
	note = {Disponível em: \url{https://docs.python.org/3/}. Acesso em: 7 jun. 2025}
}

@book{duckett,
	author    = {DUCKETT},
	title     = {HTML and CSS: Design and Build Websites},
	publisher = {Wiley},
	year      = {2011},
	isbn      = {9781118008188}
}


@manual{google-meet,
	title        = {Google Meet Help},
	author       = {{GOOGLE}},
	year         = {2024},
	note         = {Acessado em 7 de junho de 2025},
	url          = {https://support.google.com/meet/}
}

@manual{latex-project,
	title        = {LaTeX - A document preparation system},
	author       = {{LATEX}},
	year         = {2024},
	note         = {Acessado em 7 de junho de 2025},
	url          = {https://www.latex-project.org/}
}

@manual{visual-paradigm,
	title        = {Visual Paradigm Online Documentation},
	author       = {VISUAL-PARADIGM},
	year         = {2024},
	note         = {Acessado em 7 de junho de 2025},
	url          = {https://online.visual-paradigm.com/}
}


@manual{brmodelo,
	title        = {BRModelo Web},
	author       = {BRMODELO},
	year         = {2024},
	note         = {Acessado em 7 de junho de 2025},
	url          = {https://www.brmodeloweb.com/}
}

@manual{github-doc,
	title        = {GitHub Docs},
	author       = {GITHUB},
	year         = {2024},
	note         = {Acessado em 7 de junho de 2025},
	url          = {https://docs.github.com/}
}

@online{enel-tarifa,
	author    = {{ENEL}},
	title     = {Tarifa de Energia Elétrica},
	year      = {2025},
	url       = {https://www.enel.com.br/pt-saopaulo/Para_Voce/tarifa-energia-eletrica.html},
	note      = {Acessado em 7 de junho de 2025}
}

@online{anatel-anexo,
	author = {{ANATEL}},
	title = {Documento Técnico Anatel},
	year = {2025},
	url = {https://sistemas.anatel.gov.br/anexar-api/publico/anexos/download/9c9e947419913b3987bd8cc7510f03f1},
	note = {Acessado em 7 de junho de 2025}
}
@book{sommerville2011,
	author    = {Sommerville, Ian},
	title     = {Engenharia de software},
	edition   = {9},
	year      = {2011},
	publisher = {Pearson},
	address   = {São Paulo},
	note      = {E-book. Disponível em: \url{https://plataforma.bvirtual.com.br}. Acesso em: 04 jun. 2025}
}

@misc{ibmBusinessRules,
	author       = {IBM},
	title        = {Business Rules},
	year         = {2025},
	url          = {https://www.ibm.com/br-pt/topics/business-rules},
	note         = {Acesso em 4 de junho de 2025}
}
@manual{scrumguide,
	author = {Ken Schwaber and Jeff Sutherland},
	title = {The Scrum Guide -- Scrum Guide em Português},
	year = {2013},
	url ={https://scrumguides.org/docs/scrumguide/v1/Scrum-Guide-Portuguese-BR.pdf},
	note = {Desenvolvido e mantido por Ken Schwaber e Jeff Sutherland}
}

@manual{scrum_sprint_review,
	author = {Scrum Guides},
	title = {Sprint Review — Scrum Guide},
	year = {2025},
	url  = {https://scrumguides.org/scrum-guide.html#sprint-review},
	note = {Acesso em: 30 de maio de 2025}
}

@misc{artia_backlog,
	author = {Roberto Gil Espinha},
	title = {Backlog do Produto},
	year = {2025},
	url  = {https://artia.com/blog/backlog-do-produto/},
	note = {Acesso em: 02 de junho de 2025}
}

@misc{mme_gestao_riscos,
	author = {Ministério de Minas e Energia (MME)},
	title = {Introdução à Gestão de Riscos},
	year = {2025},
	url = {https://www.gov.br/mme/pt-br/acesso-a-informacao/arquivos/governanca-publica/gui-a-introdutorio-a-gestao-de-riscos.pdf},
	note = {Acesso em: 05 de junho de 2025}
}

@misc{ufop_historias_usuario,
	author = {DECOM - Departamento de Computação da UFOP},
	title = {O que são as histórias de usuário e como escrevê-las bem},
	year = {2025},
	url={https://www2.decom.ufop.br/terralab/o-que-sao-as-historias-de-usuario-e-como-escreve-las-bem/},
	note = {Acesso em: 06 de junho de 2025}
}

@misc{pousada_chales_agua_de_coco,
	author = {Pousada Chalés Água de Coco},
	title = {Pousada Chalés Água de Coco},
	year = {2025},
	url = {https://pousadachalesaguadecoco.com.br/},
	note = {Acesso em: 10 de abril de 2025}
}

@misc{repositorio,
	author = { DE SOUSA, Anna Julia L. and MIURA, Guilherme A. and SCHMIDT, Guilherme B. and DE SOUZA, Kelly Radchelle A. and FONSECA, Rafael T. and DE OLIVEIRA FILHO, Ricardo C.},
	title = {Sistema Web Gestão Pousada},
	year = 2025,
	howpublished = {https://github.com/guilhermebschmidt/SistemaWebGestaoPousada.git},
	note = {Acesso em: 9 jun. 2025.}
}